@incollection{Pinkston12AppF,
	author = "Pinkston, Timothy Mark and Duato, Jos{\'e}",
	booktitle = "{Computer Architecture: A Quantitative Approach}",
	editor = "Elsevier",
	isbn = "978-0-12-383872-8",
	publisher = "Morgan Kaufmann",
	title = "{Appendix F: Interconnection Networks}",
	url = "http://booksite.elsevier.com/9780123838728/references/appendix_f.pdf",
	urldate = "2016-12-19",
	year = "2012"
}

@article{Katevenis91wrr,
author={W. {Dai} and D. {Berleant}},
journal={IEEE Journal on Selected Areas in Communications},
title={Benchmarking Contemporary Deep Learning Hardware and Frameworks:A Survey  of Qualitative Metrics},
year={2019},
volume={9},
number={8},
pages={1},
keywords={benchmarking},
doi={10.1109/CogMI48466.2019.00029},
ISSN={1558-0008},
month={July},}

@article{resgate,
author={W. {Dai} and D. {Berleant}},
title={Benchmarking Contemporary Deep Learning Hardware and Frameworks:A Survey  of Qualitative Metrics},
year={2019},
pages={1},
keywords={benchmarking},
doi={10.1109/CogMI48466.2019.00029},
month={July},}

@book{HPCoreilly,
    author = {Dowd, Kevin and Severance, Charles},
    isbn = {9781565920323},
    keywords = {high, performance, computing, benchmarking, books},
    publisher = {O'Reilly},
    title = {{High Performance Computing}},
    year = {1993}
}

@book{perfBook,
    author = {Kurian J., Lizy and Eeckhout, Lieven},
    isbn = {9780849336225},
    keywords = {performance, evaluation, computing, benchmarking, books},
    publisher = {Taylor & Francis},
    title = {{Performance Evaluation and Benchmarking}},
    year = {2006}
}

@book{comArcSlides,
    author = {Carrión Espinosa, Mª Carmen},
    keywords = {performance, evaluation, computing, benchmarking, books},
    publisher = {UCLM},
    title = {{Unit 1. Introduction}},
    year = {2017}
}


@misc{benchDef,
  Author = {Fisher, Tim},
  Title = {What is a benchmark?},
  Year = {2019},
  Url = {https://www.lifewire.com/what-is-a-benchmark-2625811},
  Urldate = {2020-03-09},
}

@misc{spec,
  Author = {SPEC},
  Title = {Standard Performance Evaluation},
  Year = {2020},
  Url = {https://www.spec.org/},
  Urldate = {2020-03-13},
}

@misc{definicion3,
  Author = {CMMI Institute},
  Title = {Adoption Transition Guidance: CMMI Perfomance Improvement},
  Year = {2018},
  Url = {https://cmmiinstitute.com/CMMI/media/resources/cmmi-v2-0-adoption-guide-teaser.pdf},
  Urldate = {2019-03-25}
}

@misc{13vs20,
  Author = {CMMI Institute},
  Title = {How is CMMI V2.0 different from V1.3?},
  Url = {https://cmmiinstitute.zendesk.com/hc/en-us/articles/360000175667-How-is-CMMI-V2-0-different-from-V1-3-},
  Urldate = {2020-03-25}
}

@misc{cmmmiv12,
  Author = {CMMI Product Team},
  Title = {CMMI for Development, Version 1.2},
  Year = {2006},
  Url = {https://resources.sei.cmu.edu/library/asset-view.cfm?assetid=8091},
  Urldate = {2020-03-25}
}

@misc{history2,
  Title = {Capability Maturity Model Integration},
  Year = {2020},
  Url = {https://maclead.com/capability-maturity-model-integration-cmmi-certification/},
  Urldate = {2020-03-25}
}

@misc{history,
  Author = {Akhila},
  Title = {History of CMMI},
  Year = {2014},
  Url = {http://qualitynotion.com/2014/06/11/history-of-cmmi/},
  Urldate = {2020-03-25}
}

@misc{definition,
  Author = {CMMI Institute},
  Title = {What is CMMI?},  
  Year = {2020},
  Url = {https://cmmiinstitute.com/cmmi/intro},
  Urldate = {2020-03-24}
}

@misc{definition2,
  Author = {Sarah K. White},
  Title = {What is CMMI? A model for optimizing development processes},  
  Year = {2018},
  Url = {https://www.cio.com/article/2437864/process-improvement-capability-maturity-model-integration-cmmi-definition-and-solutions.html},
  Urldate = {2020-03-25}
}

@misc{term,
  Title = {Appendix D: Glossary},  
  Year = {2013},
  Url = {http://cmmis.free.fr/cmmi-dev/text/ccb777e(CMMI_1_3_for_development)-449.php},
  Urldate = {2020-03-25}
}

@techreport{ProductCMMIfor2010,
title={CMMI for Development, Version 1.3},
author={CMMI Product Team},
year={2010},
number={CMU/SEI-2010-TR-033},
institution={Software Engineering Institute, Carnegie Mellon University},
address={Pittsburgh, PA},
url={http://resources.sei.cmu.edu/library/asset-view.cfm?AssetID=9661} } 

